%% This BibTeX bibliography file was created using BibDesk.
%% http://bibdesk.sourceforge.net/


%% Created for Waldemar at 2011-07-26 18:37:16 +0200 


%% Saved with string encoding Unicode (UTF-8) 



@book{Gabbay:1993,
	Address = {Oxford},
	Annote = {Besitznachweis: Bitte Zweigstelle ausw{\"a}hlen:
Hauptbibliothek Adenauerallee Abt. Nussallee/Bereichsbibl. ZBMed

Besitznachweis: 94/25003
Verfasserangabe: ed. by Dov M. Gabbay ...
DigiBib-Datenbank: UBBN},
	Author = {Gabbay, Dov M.},
	Booktitle = {Handbook of logic in artificial intelligence and logic programming},
	Date-Added = {2011-07-26 12:01:02 +0000},
	Date-Modified = {2011-07-26 12:26:51 +0000},
	Keywords = {main},
	Publisher = {Clarendon Press},
	Series = {Handbooks of logic in computer science and artificial intelligence and logic programming Oxford science publications},
	Title = {Handbook of logic in artificial intelligence and logic programming},
	Url = {http://books.google.de/books?hl=de&lr=&id=FVTOgnZrdxUC&oi=fnd&pg=PA365&dq=fitting+basic+modal+logic+1993&ots=GigkmsMHc9&sig=jNZykr5RZ5TuoKP4LBcGAatKCFc#v=onepage&q&f=false},
	Year = {1993}}

@article{fitting1993basic,
	Author = {Fitting, M.},
	Date-Added = {2011-07-26 11:38:55 +0000},
	Date-Modified = {2011-07-26 11:39:04 +0000},
	Journal = {Handbook of Logic in Artificial Intelligence and Logic Programming: Logical Foundations},
	Pages = {365--448},
	Title = {Basic modal logic},
	Url = {http://books.google.de/books?hl=de&lr=&id=FVTOgnZrdxUC&oi=fnd&pg=PA365&dq=fitting+basic+modal+logic+1993&ots=GigkmsMHc9&sig=jNZykr5RZ5TuoKP4LBcGAatKCFc#v=onepage&q&f=false},
	Volume = {1},
	Year = {1993}}

@book{meyer2004epistemic,
	Author = {Meyer, J.J.C. and Van Der Hoek, W.},
	Date-Added = {2011-07-26 11:38:39 +0000},
	Date-Modified = {2011-07-26 11:38:48 +0000},
	Publisher = {Cambridge Univ Pr},
	Title = {Epistemic logic for AI and computer science},
	Url = {http://books.google.de/books?hl=de&lr=&id=M-Kuf9D5rvIC&oi=fnd&pg=PR11&dq=meyer+van+de+Hoek+epistemic+logic&ots=jHEyzb5D2-&sig=1Onb_Yaqt5DeCMPrCdsq5L_mva0#v=onepage&q=meyer%20van%20de%20Hoek%20epistemic%20logic&f=false},
	Volume = {41},
	Year = {2004}}

@book{fagin2003reasoning,
	Author = {Fagin, R.},
	Date-Added = {2011-07-26 11:38:14 +0000},
	Date-Modified = {2011-07-26 11:38:25 +0000},
	Publisher = {The MIT Press},
	Title = {Reasoning about knowledge},
	Url = {http://books.google.de/books?hl=de&lr=&id=xHmlRamoszMC&oi=fnd&pg=PP9&dq=fagin+halpern+reasoning+about+knowledge+1995&ots=aaT7AKxAFC&sig=nGWpfLoomvFupvPIi7G4knvAh14#v=onepage&q=fagin%20halpern%20reasoning%20about%20knowledge%201995&f=false},
	Year = {2003}}

@book{popkorn1994first,
	Author = {Popkorn, S.},
	Date-Added = {2011-07-26 11:37:55 +0000},
	Date-Modified = {2011-07-26 11:38:05 +0000},
	Publisher = {Cambridge Univ Pr},
	Title = {First steps in modal logic},
	Url = {http://books.google.de/books?hl=de&lr=&id=7L-0wdIfPmUC&oi=fnd&pg=PR11&dq=popkorn+modal+logic&ots=i6X_gCis-q&sig=pdPVJWucoq3LXnoORBWrnQ55Tm8#v=onepage&q&f=false},
	Year = {1994}}

@book{goldblatt1987logics,
	Author = {Goldblatt, R.},
	Date-Added = {2011-07-26 11:37:34 +0000},
	Date-Modified = {2011-07-26 11:37:46 +0000},
	Publisher = {Center for the Study of Language and Information},
	Title = {Logics of time and computation},
	Url = {http://portal.acm.org/citation.cfm?id=SERIES9339.24401},
	Year = {1987}}

@book{chellas1980modal,
	Author = {Chellas, B.F.},
	Date-Added = {2011-07-26 11:37:05 +0000},
	Date-Modified = {2011-07-26 11:37:19 +0000},
	Publisher = {Cambridge Univ Pr},
	Title = {Modal logic: an introduction},
	Url = {http://books.google.de/books?hl=de&lr=&id=YupiXWV5j6cC&oi=fnd&pg=PR7&dq=chellas+modal+logic&ots=0YsKnQD9E_&sig=S8MKpfH2I88frYmxC7pBKewNdPQ#v=onepage&q&f=false},
	Year = {1980}}

@book{hunter1973metalogic,
	Annote = {Wikipedia Quelle:
http://en.wikipedia.org/wiki/Propositional_calculus},
	Author = {Hunter, G.},
	Date-Added = {2011-07-08 10:45:09 +0200},
	Date-Modified = {2011-07-08 10:46:19 +0200},
	Keywords = {propositional logic, interpretation},
	Publisher = {Univ of California Pr},
	Title = {Metalogic: an introduction to the metatheory of standard first order logic},
	Url = {http://en.wikipedia.org/wiki/Propositional_calculus},
	Year = {1973},
	Bdsk-Url-1 = {http://en.wikipedia.org/wiki/Propositional_calculus}}

@article{baier2008principles,
	Author = {Baier, C. and Katoen, J.P. and others},
	Date-Added = {2011-04-04 12:15:22 +0200},
	Date-Modified = {2011-04-04 12:15:22 +0200},
	Title = {{Principles of model checking}},
	Year = {2008}}

@techreport{Nguyen03multimodallogic,
	Author = {Nguyen, Linh Anh},
	Date-Added = {2011-04-04 12:00:12 +0200},
	Date-Modified = {2011-04-04 12:00:12 +0200},
	Title = {Multimodal Logic Programming and Its Applications to Modal Deductive Databases},
	Year = {2003}}

@book{holzmann2004spin,
	Author = {Holzmann, G.J.},
	Date-Added = {2011-04-04 11:17:26 +0200},
	Date-Modified = {2011-04-04 11:17:43 +0200},
	Isbn = {0321228626},
	Publisher = {Addison Wesley Publishing Company},
	Title = {{The SPIN model checker: Primer and reference manual}},
	Url = {http://books.google.de/books?hl=de&lr=&id=NpBdZKmOHO8C&oi=fnd&pg=PR9&dq=Holzmann&ots=k1PeDUOug8&sig=TOXgxIymgShgYsi1rlC8PquuRms#v=onepage&q&f=false},
	Year = {2004},
	Bdsk-Url-1 = {http://books.google.de/books?hl=de&lr=&id=NpBdZKmOHO8C&oi=fnd&pg=PR9&dq=Holzmann&ots=k1PeDUOug8&sig=TOXgxIymgShgYsi1rlC8PquuRms#v=onepage&q&f=false}}

@article{goldblatt2006mathematical,
	Author = {Goldblatt, R.},
	Date-Added = {2011-04-04 11:12:31 +0200},
	Date-Modified = {2011-04-04 11:12:31 +0200},
	Issn = {1874-5857},
	Journal = {Handbook of the History of Logic},
	Pages = {1--98},
	Publisher = {Elsevier},
	Title = {{Mathematical modal logic: A view of its evolution}},
	Volume = {7},
	Year = {2006}}

@book{huth2004logic,
	Author = {Huth, M. and Ryan, M.},
	Date-Added = {2011-04-04 11:09:54 +0200},
	Date-Modified = {2011-04-04 11:09:54 +0200},
	Isbn = {052154310X},
	Publisher = {Cambridge Univ Pr},
	Title = {{Logic in Computer Science: Modelling and reasoning about systems}},
	Year = {2004},
	Bdsk-File-1 = {YnBsaXN0MDDUAQIDBAUIJidUJHRvcFgkb2JqZWN0c1gkdmVyc2lvblkkYXJjaGl2ZXLRBgdUcm9vdIABqAkKFRYXGyIjVSRudWxs0wsMDQ4RFFpOUy5vYmplY3RzV05TLmtleXNWJGNsYXNzog8QgASABqISE4ACgAOAB1lhbGlhc0RhdGFccmVsYXRpdmVQYXRo0hgNGRpXTlMuZGF0YU8RAkgAAAAAAkgAAgAAA01hYwAAAAAAAAAAAAAAAAAAAAAAAAAAAAAAAMnh6n5IKwAAABFvcB9Mb2dpYyBpbiBDb21wdXRlciBTYyMxMTZGQUYucGRmAAAAAAAAAAAAAAAAAAAAAAAAAAAAAAAAAAAAAAAAAAAAEW+vyb9XwwAAAAAAAAAAAAEAAgAACSAAAAAAAAAAAAAAAAAAAAAHUXVlbGxlbgAAEAAIAADJ4c5eAAAAEQAIAADJvzujAAAAAQAUABFvcAARaxgAEFP3ABANiwAAAGQAAgBVTWFjOlVzZXJzOgB2ZWxyb2s6AERyb3Bib3g6AFRoZW9JbmYgU2VtaW5hcjoAUXVlbGxlbjoATG9naWMgaW4gQ29tcHV0ZXIgU2MjMTE2RkFGLnBkZgAADgCIAEMATABvAGcAaQBjACAAaQBuACAAQwBvAG0AcAB1AHQAZQByACAAUwBjAGkAZQBuAGMAZQAgAE0AbwBkAGUAbABsAGkAbgBnACAAYQBuAGQAIAByAGUAYQBzAG8AbgBpAG4AZwAgAGEAYgBvAHUAdAAgAHMAeQBzAHQAZQBtAHMALgBwAGQAZgAPAAgAAwBNAGEAYwASAHBVc2Vycy92ZWxyb2svRHJvcGJveC9UaGVvSW5mIFNlbWluYXIvUXVlbGxlbi9Mb2dpYyBpbiBDb21wdXRlciBTY2llbmNlIE1vZGVsbGluZyBhbmQgcmVhc29uaW5nIGFib3V0IHN5c3RlbXMucGRmABMAAS8AABUAAgAN//8AAIAF0hwdHh9YJGNsYXNzZXNaJGNsYXNzbmFtZaMfICFdTlNNdXRhYmxlRGF0YVZOU0RhdGFYTlNPYmplY3RfEENMb2dpYyBpbiBDb21wdXRlciBTY2llbmNlIE1vZGVsbGluZyBhbmQgcmVhc29uaW5nIGFib3V0IHN5c3RlbXMucGRm0hwdJCWiJSFcTlNEaWN0aW9uYXJ5EgABhqBfEA9OU0tleWVkQXJjaGl2ZXIACAARABYAHwAoADIANQA6ADwARQBLAFIAXQBlAGwAbwBxAHMAdgB4AHoAfACGAJMAmACgAuwC7gLzAvwDBwMLAxkDIAMpA28DdAN3A4QDiQAAAAAAAAIBAAAAAAAAACgAAAAAAAAAAAAAAAAAAAOb}}
